@Book{belytschko:nonlin,
  author = 	 {Belytschko, T. and Liu, W. K. and Moran, B.},
  ALTeditor = 	 {},
  title = 	 {Nonlinear Finite Elements for Continua and Structures},
  publisher = 	 {John Wiley \& Sons, Ltd, Chichester, UK},
  year = 	 {2000},
  OPTkey = 	 {},
  OPTvolume = 	 {},
  OPTnumber = 	 {},
  OPTseries = 	 {},
  OPTaddress = 	 {},
  OPTedition = 	 {},
  OPTmonth = 	 {},
  OPTnote = 	 {},
  OPTannote = 	 {}
}

@Book{bittnar:fem,
  author = 	 {Bittnar, Z. and \v{S}ejnoha, J.},
  ALTeditor = 	 {},
  title = 	 {Numerical Methods in Structural Mechanics},
  publisher = 	 {ASCE Press, New York, USA},
  year = 	 {1996},
  OPTkey = 	 {},
  OPTvolume = 	 {},
  OPTnumber = 	 {},
  OPTseries = 	 {},
  OPTaddress = 	 {},
  OPTedition = 	 {},
  OPTmonth = 	 {},
  OPTnote = 	 {},
  OPTannote = 	 {}
}

@Book{hughes:fem,
  author = 	 {Hughes, T. J. R.},
  ALTeditor = 	 {},
  title = 	 {The Finite Element Method, Linear Static and Dynamic Finite Element Analysis},
  publisher = 	 {Prentice-Hall, Englewood Cliffs, New Jersey, USA},
  year = 	 {1987},
  OPTkey = 	 {},
  OPTvolume = 	 {},
  OPTnumber = 	 {},
  OPTseries = 	 {},
  OPTaddress = 	 {},
  OPTedition = 	 {},
  OPTmonth = 	 {},
  OPTnote = 	 {},
  OPTannote = 	 {}
}

@Book{zienkiewicz:fembase,
  author = 	 {Zienkiewicz, O. C. and Taylor, R. L.},
  ALTeditor = 	 {},
  title = 	 {The Finite Element Method. Volume 1: The Basis.},
  publisher = 	 {Butterworth-Heinemann, Oxford, UK},
  year = 	 {2000},
  OPTkey = 	 {},
  OPTvolume = 	 {},
  OPTnumber = 	 {},
  OPTseries = 	 {},
  OPTaddress = 	 {},
  edition = 	 {5th},
  OPTmonth = 	 {},
  OPTnote = 	 {},
  OPTannote = 	 {}
}

@Book{zienkiewicz:femsolid,
  author = 	 {Zienkiewicz, O. C. and Taylor, R. L.},
  ALTeditor = 	 {},
  title = 	 {The Finite Element Method. Volume 2: Solid Mechanics.},
  publisher = 	 {Butterworth-Heinemann, Oxford, UK},
  year = 	 {2000},
  OPTkey = 	 {},
  OPTvolume = 	 {},
  OPTnumber = 	 {},
  OPTseries = 	 {},
  OPTaddress = 	 {},
  edition = 	 {5th},
  OPTmonth = 	 {},
  OPTnote = 	 {},
  OPTannote = 	 {}
}

@Book{zienkiewicz:femfluid,
  author = 	 {Zienkiewicz, O. C. and Taylor, R. L.},
  ALTeditor = 	 {},
  title = 	 {The Finite Element Method. Volume 3: Fluid Dynamics.},
  publisher = 	 {Butterworth-Heinemann, Oxford, UK},
  year = 	 {2000},
  OPTkey = 	 {},
  OPTvolume = 	 {},
  OPTnumber = 	 {},
  OPTseries = 	 {},
  OPTaddress = 	 {},
  edition = 	 {5th},
  OPTmonth = 	 {},
  OPTnote = 	 {},
  OPTannote = 	 {}
}
